@misc{balatro2024,
  author       = {LocalThunk and Playstack},
  title        = {Balatro},
  howpublished = {[online]},
  year         = {2024},
  url          = {https://store.steampowered.com/app/2379780/Balatro/},
  cited        = {2024-12-08}
}

@misc{slaythespire2024,
  author       = {MegaCrit},
  title        = {Slay the Spire},
  howpublished = {[online]},
  year         = {2024},
  url          = {https://store.steampowered.com/app/646570/Slay_the_Spire/},
  cited        = {2024-12-08}
}

@misc{balatro_official2024,
  author       = {LocalThunk and Playstack},
  title        = {Balatro Official Website},
  howpublished = {[online]},
  year         = {2024},
  url          = {https://www.playbalatro.com/},
  cited        = {2024-12-08}
}

@misc{goldrushsolitaire2024,
  author       = {Online Solitaire},
  title        = {Gold Rush Solitaire},
  howpublished = {[online]},
  year         = {2024},
  url          = {https://online-solitaire.com/gold-rush-solitaire},
  cited        = {2024-12-08}
}
